<?xml version="1.0" encoding="UTF-8"?><collection xmlns="http://www.loc.gov/MARC21/slim"><record><leader>00483nam--2200181-i-4500</leader><controlfield tag="001">000005912</controlfield><controlfield tag="002">20161230</controlfield><controlfield tag="005">20161230201026</controlfield><controlfield tag="008">060222s1000------------r-----000-0-eng-d</controlfield><datafield ind1=" " ind2=" " tag="040"><subfield code="a">IFIN-HH</subfield></datafield><datafield ind1=" " ind2=" " tag="080"><subfield code="a">533.73:534.23</subfield></datafield><datafield ind1="1" ind2=" " tag="100"><subfield code="a">Cottrell, T.L</subfield></datafield><datafield ind1="1" ind2="0" tag="245"><subfield code="a">Molecular energy transfer in gases</subfield><subfield code="c">T.l. cottell, j..c. mccoubrey</subfield></datafield><datafield ind1=" " ind2=" " tag="260"><subfield code="a">London</subfield><subfield code="b">Butterworths</subfield><subfield code="c">1961</subfield></datafield><datafield ind1=" " ind2=" " tag="300"><subfield code="a">VIII+205P</subfield></datafield><datafield ind1="1" ind2=" " tag="700"><subfield code="a">Mccoubrey, J.C</subfield></datafield><datafield ind1=" " ind2=" " tag="852"><subfield code="a">17510</subfield><subfield code="c">537.52</subfield></datafield><datafield ind1=" " ind2=" " tag="CAT"><subfield code="a">Sys</subfield><subfield code="c">20110803</subfield><subfield code="h">155304</subfield></datafield></record></collection>